%YAML 1.1
%TAG !u! tag:unity3d.com,2011:
--- !u!1 &6862131004034321248
GameObject:
  m_ObjectHideFlags: 0
  m_CorrespondingSourceObject: {fileID: 0}
  m_PrefabInstance: {fileID: 0}
  m_PrefabAsset: {fileID: 0}
  serializedVersion: 6
  m_Component:
  - component: {fileID: 6862131004034321250}
  - component: {fileID: 6862131004034321249}
  m_Layer: 0
  m_Name: Tower
  m_TagString: Untagged
  m_Icon: {fileID: 0}
  m_NavMeshLayer: 0
  m_StaticEditorFlags: 0
  m_IsActive: 1
--- !u!4 &6862131004034321250
Transform:
  m_ObjectHideFlags: 0
  m_CorrespondingSourceObject: {fileID: 0}
  m_PrefabInstance: {fileID: 0}
  m_PrefabAsset: {fileID: 0}
  m_GameObject: {fileID: 6862131004034321248}
  m_LocalRotation: {x: 0, y: 0, z: 0, w: 1}
  m_LocalPosition: {x: 10, y: 0, z: -10}
  m_LocalScale: {x: 1, y: 1, z: 1}
  m_Children:
  - {fileID: 6860598014568147914}
  - {fileID: 6857771344114301509}
  m_Father: {fileID: 0}
  m_RootOrder: 0
  m_LocalEulerAnglesHint: {x: 0, y: 0, z: 0}
--- !u!114 &6862131004034321249
MonoBehaviour:
  m_ObjectHideFlags: 0
  m_CorrespondingSourceObject: {fileID: 0}
  m_PrefabInstance: {fileID: 0}
  m_PrefabAsset: {fileID: 0}
  m_GameObject: {fileID: 6862131004034321248}
  m_Enabled: 1
  m_EditorHideFlags: 0
  m_Script: {fileID: 11500000, guid: 26f94ed2cc326144e8cf6591ab20dce3, type: 3}
  m_Name: 
  m_EditorClassIdentifier: 
  objectToPan: {fileID: 6860598014568147914}
  attackRange: 30
  projectileParticles: {fileID: 7847590668341999149}
--- !u!1001 &6862131004780925435
PrefabInstance:
  m_ObjectHideFlags: 0
  serializedVersion: 2
  m_Modification:
    m_TransformParent: {fileID: 6862131004034321250}
    m_Modifications:
    - target: {fileID: 1186746374734342, guid: 4e889d43572027a409a3dab490438a22, type: 3}
      propertyPath: m_Name
      value: Tower_A_Base
      objectReference: {fileID: 0}
    - target: {fileID: 4676767254080446, guid: 4e889d43572027a409a3dab490438a22, type: 3}
      propertyPath: m_LocalPosition.x
      value: 0
      objectReference: {fileID: 0}
    - target: {fileID: 4676767254080446, guid: 4e889d43572027a409a3dab490438a22, type: 3}
      propertyPath: m_LocalPosition.y
      value: 0
      objectReference: {fileID: 0}
    - target: {fileID: 4676767254080446, guid: 4e889d43572027a409a3dab490438a22, type: 3}
      propertyPath: m_LocalPosition.z
      value: 0
      objectReference: {fileID: 0}
    - target: {fileID: 4676767254080446, guid: 4e889d43572027a409a3dab490438a22, type: 3}
      propertyPath: m_LocalRotation.x
      value: -0
      objectReference: {fileID: 0}
    - target: {fileID: 4676767254080446, guid: 4e889d43572027a409a3dab490438a22, type: 3}
      propertyPath: m_LocalRotation.y
      value: -0
      objectReference: {fileID: 0}
    - target: {fileID: 4676767254080446, guid: 4e889d43572027a409a3dab490438a22, type: 3}
      propertyPath: m_LocalRotation.z
      value: -0
      objectReference: {fileID: 0}
    - target: {fileID: 4676767254080446, guid: 4e889d43572027a409a3dab490438a22, type: 3}
      propertyPath: m_LocalRotation.w
      value: 1
      objectReference: {fileID: 0}
    - target: {fileID: 4676767254080446, guid: 4e889d43572027a409a3dab490438a22, type: 3}
      propertyPath: m_RootOrder
      value: 1
      objectReference: {fileID: 0}
    - target: {fileID: 4676767254080446, guid: 4e889d43572027a409a3dab490438a22, type: 3}
      propertyPath: m_LocalEulerAnglesHint.x
      value: 0
      objectReference: {fileID: 0}
    - target: {fileID: 4676767254080446, guid: 4e889d43572027a409a3dab490438a22, type: 3}
      propertyPath: m_LocalEulerAnglesHint.y
      value: 0
      objectReference: {fileID: 0}
    - target: {fileID: 4676767254080446, guid: 4e889d43572027a409a3dab490438a22, type: 3}
      propertyPath: m_LocalEulerAnglesHint.z
      value: 0
      objectReference: {fileID: 0}
    - target: {fileID: 4676767254080446, guid: 4e889d43572027a409a3dab490438a22, type: 3}
      propertyPath: m_LocalScale.x
      value: 0.5
      objectReference: {fileID: 0}
    - target: {fileID: 4676767254080446, guid: 4e889d43572027a409a3dab490438a22, type: 3}
      propertyPath: m_LocalScale.y
      value: 0.5
      objectReference: {fileID: 0}
    - target: {fileID: 4676767254080446, guid: 4e889d43572027a409a3dab490438a22, type: 3}
      propertyPath: m_LocalScale.z
      value: 0.5
      objectReference: {fileID: 0}
    m_RemovedComponents: []
  m_SourcePrefab: {fileID: 100100000, guid: 4e889d43572027a409a3dab490438a22, type: 3}
--- !u!4 &6857771344114301509 stripped
Transform:
  m_CorrespondingSourceObject: {fileID: 4676767254080446, guid: 4e889d43572027a409a3dab490438a22,
    type: 3}
  m_PrefabInstance: {fileID: 6862131004780925435}
  m_PrefabAsset: {fileID: 0}
--- !u!1001 &6862131006108901282
PrefabInstance:
  m_ObjectHideFlags: 0
  serializedVersion: 2
  m_Modification:
    m_TransformParent: {fileID: 6862131004034321250}
    m_Modifications:
    - target: {fileID: 1405215511811078, guid: 8238921bafd389b44921fe80cc7f1f9d, type: 3}
      propertyPath: m_Name
      value: Tower_A_Top
      objectReference: {fileID: 0}
    - target: {fileID: 4101459293844584, guid: 8238921bafd389b44921fe80cc7f1f9d, type: 3}
      propertyPath: m_LocalPosition.x
      value: 0
      objectReference: {fileID: 0}
    - target: {fileID: 4101459293844584, guid: 8238921bafd389b44921fe80cc7f1f9d, type: 3}
      propertyPath: m_LocalPosition.y
      value: 5.55
      objectReference: {fileID: 0}
    - target: {fileID: 4101459293844584, guid: 8238921bafd389b44921fe80cc7f1f9d, type: 3}
      propertyPath: m_LocalPosition.z
      value: 0
      objectReference: {fileID: 0}
    - target: {fileID: 4101459293844584, guid: 8238921bafd389b44921fe80cc7f1f9d, type: 3}
      propertyPath: m_LocalRotation.x
      value: -0
      objectReference: {fileID: 0}
    - target: {fileID: 4101459293844584, guid: 8238921bafd389b44921fe80cc7f1f9d, type: 3}
      propertyPath: m_LocalRotation.y
      value: -0
      objectReference: {fileID: 0}
    - target: {fileID: 4101459293844584, guid: 8238921bafd389b44921fe80cc7f1f9d, type: 3}
      propertyPath: m_LocalRotation.z
      value: -0
      objectReference: {fileID: 0}
    - target: {fileID: 4101459293844584, guid: 8238921bafd389b44921fe80cc7f1f9d, type: 3}
      propertyPath: m_LocalRotation.w
      value: 1
      objectReference: {fileID: 0}
    - target: {fileID: 4101459293844584, guid: 8238921bafd389b44921fe80cc7f1f9d, type: 3}
      propertyPath: m_RootOrder
      value: 0
      objectReference: {fileID: 0}
    - target: {fileID: 4101459293844584, guid: 8238921bafd389b44921fe80cc7f1f9d, type: 3}
      propertyPath: m_LocalEulerAnglesHint.x
      value: 0
      objectReference: {fileID: 0}
    - target: {fileID: 4101459293844584, guid: 8238921bafd389b44921fe80cc7f1f9d, type: 3}
      propertyPath: m_LocalEulerAnglesHint.y
      value: 0
      objectReference: {fileID: 0}
    - target: {fileID: 4101459293844584, guid: 8238921bafd389b44921fe80cc7f1f9d, type: 3}
      propertyPath: m_LocalEulerAnglesHint.z
      value: 0
      objectReference: {fileID: 0}
    - target: {fileID: 4101459293844584, guid: 8238921bafd389b44921fe80cc7f1f9d, type: 3}
      propertyPath: m_LocalScale.x
      value: 0.5
      objectReference: {fileID: 0}
    - target: {fileID: 4101459293844584, guid: 8238921bafd389b44921fe80cc7f1f9d, type: 3}
      propertyPath: m_LocalScale.y
      value: 0.5
      objectReference: {fileID: 0}
    - target: {fileID: 4101459293844584, guid: 8238921bafd389b44921fe80cc7f1f9d, type: 3}
      propertyPath: m_LocalScale.z
      value: 0.5
      objectReference: {fileID: 0}
    m_RemovedComponents: []
  m_SourcePrefab: {fileID: 100100000, guid: 8238921bafd389b44921fe80cc7f1f9d, type: 3}
--- !u!4 &6860598014568147914 stripped
Transform:
  m_CorrespondingSourceObject: {fileID: 4101459293844584, guid: 8238921bafd389b44921fe80cc7f1f9d,
    type: 3}
  m_PrefabInstance: {fileID: 6862131006108901282}
  m_PrefabAsset: {fileID: 0}
--- !u!1001 &7057494577798801335
PrefabInstance:
  m_ObjectHideFlags: 0
  serializedVersion: 2
  m_Modification:
    m_TransformParent: {fileID: 6860598014568147914}
    m_Modifications:
    - target: {fileID: 565276791575188237, guid: 006f292fe716bb241b77059f36e39692,
        type: 3}
      propertyPath: m_Name
      value: Bullets
      objectReference: {fileID: 0}
    - target: {fileID: 943926125300584858, guid: 006f292fe716bb241b77059f36e39692,
        type: 3}
      propertyPath: CollisionModule.enabled
      value: 1
      objectReference: {fileID: 0}
    - target: {fileID: 943926125300584858, guid: 006f292fe716bb241b77059f36e39692,
        type: 3}
      propertyPath: CollisionModule.type
      value: 1
      objectReference: {fileID: 0}
    - target: {fileID: 943926125300584858, guid: 006f292fe716bb241b77059f36e39692,
        type: 3}
      propertyPath: CollisionModule.collisionMessages
      value: 1
      objectReference: {fileID: 0}
    - target: {fileID: 943926125300584858, guid: 006f292fe716bb241b77059f36e39692,
        type: 3}
      propertyPath: moveWithTransform
      value: 1
      objectReference: {fileID: 0}
    - target: {fileID: 943926125300584858, guid: 006f292fe716bb241b77059f36e39692,
        type: 3}
      propertyPath: InitialModule.startSpeed.scalar
      value: 300
      objectReference: {fileID: 0}
    - target: {fileID: 943926125300584858, guid: 006f292fe716bb241b77059f36e39692,
        type: 3}
      propertyPath: CollisionModule.minKillSpeed
      value: 100
      objectReference: {fileID: 0}
    - target: {fileID: 1958724674840240984, guid: 006f292fe716bb241b77059f36e39692,
        type: 3}
      propertyPath: m_LocalPosition.x
      value: -0.10000038
      objectReference: {fileID: 0}
    - target: {fileID: 1958724674840240984, guid: 006f292fe716bb241b77059f36e39692,
        type: 3}
      propertyPath: m_LocalPosition.y
      value: 6.5200005
      objectReference: {fileID: 0}
    - target: {fileID: 1958724674840240984, guid: 006f292fe716bb241b77059f36e39692,
        type: 3}
      propertyPath: m_LocalPosition.z
      value: 7.38
      objectReference: {fileID: 0}
    - target: {fileID: 1958724674840240984, guid: 006f292fe716bb241b77059f36e39692,
        type: 3}
      propertyPath: m_LocalRotation.x
      value: -0
      objectReference: {fileID: 0}
    - target: {fileID: 1958724674840240984, guid: 006f292fe716bb241b77059f36e39692,
        type: 3}
      propertyPath: m_LocalRotation.y
      value: -0
      objectReference: {fileID: 0}
    - target: {fileID: 1958724674840240984, guid: 006f292fe716bb241b77059f36e39692,
        type: 3}
      propertyPath: m_LocalRotation.z
      value: -0
      objectReference: {fileID: 0}
    - target: {fileID: 1958724674840240984, guid: 006f292fe716bb241b77059f36e39692,
        type: 3}
      propertyPath: m_LocalRotation.w
      value: 1
      objectReference: {fileID: 0}
    - target: {fileID: 1958724674840240984, guid: 006f292fe716bb241b77059f36e39692,
        type: 3}
      propertyPath: m_RootOrder
      value: 0
      objectReference: {fileID: 0}
    - target: {fileID: 1958724674840240984, guid: 006f292fe716bb241b77059f36e39692,
        type: 3}
      propertyPath: m_LocalEulerAnglesHint.x
      value: -90
      objectReference: {fileID: 0}
    - target: {fileID: 1958724674840240984, guid: 006f292fe716bb241b77059f36e39692,
        type: 3}
      propertyPath: m_LocalEulerAnglesHint.y
      value: 0
      objectReference: {fileID: 0}
    - target: {fileID: 1958724674840240984, guid: 006f292fe716bb241b77059f36e39692,
        type: 3}
      propertyPath: m_LocalEulerAnglesHint.z
      value: 0
      objectReference: {fileID: 0}
    - target: {fileID: 1958724674840240984, guid: 006f292fe716bb241b77059f36e39692,
        type: 3}
      propertyPath: m_LocalScale.x
      value: 2
      objectReference: {fileID: 0}
    - target: {fileID: 1958724674840240984, guid: 006f292fe716bb241b77059f36e39692,
        type: 3}
      propertyPath: m_LocalScale.y
      value: 2
      objectReference: {fileID: 0}
    - target: {fileID: 1958724674840240984, guid: 006f292fe716bb241b77059f36e39692,
        type: 3}
      propertyPath: m_LocalScale.z
      value: 2
      objectReference: {fileID: 0}
    m_RemovedComponents: []
  m_SourcePrefab: {fileID: 100100000, guid: 006f292fe716bb241b77059f36e39692, type: 3}
--- !u!198 &7847590668341999149 stripped
ParticleSystem:
  m_CorrespondingSourceObject: {fileID: 943926125300584858, guid: 006f292fe716bb241b77059f36e39692,
    type: 3}
  m_PrefabInstance: {fileID: 7057494577798801335}
  m_PrefabAsset: {fileID: 0}
